@article{Chang:2008,
 author = {Chang, Fay and Dean, Jeffrey and Ghemawat, Sanjay and Hsieh, Wilson C. and Wallach, Deborah A. and Burrows, Mike and Chandra, Tushar and Fikes, Andrew and Gruber, Robert E.},
 title = {Bigtable: A Distributed Storage System for Structured Data},
 journal = {ACM Trans. Comput. Syst.},
 issue_date = {June 2008},
 volume = {26},
 number = {2},
 month = jun,
 year = {2008},
 issn = {0734-2071},
 pages = {4:1--4:26},
 articleno = {4},
 numpages = {26},
 url = {http://doi.acm.org/10.1145/1365815.1365816},
 doi = {10.1145/1365815.1365816},
 acmid = {1365816},
 publisher = {ACM},
 address = {New York, NY, USA},
 keywords = {Large-Scale Distributed Storage},
}

@article{Smith:2012,
  title={Horizontal Integration of Warfighter Intelligence Data},
  author={Smith, Barry and Malyuta, Tatiana and Mandrick, William S and Fu, Chia and Parent, Kesny},
  publisher={Citeseer}
}

@inproceedings{YoakumStover:2008, 
author={S. Yoakum-Stover and T. Malyuta}, 
booktitle={MILCOM 2008 - 2008 IEEE Military Communications Conference}, 
title={Unified data integration for Situation Management}, 
year={2008}, 
pages={1-7}, 
keywords={data handling;data structures;very large databases;data sources;layered data integration architecture;semantic enrichment;situation management;ultra-large scale systems;unified data integration;Cities and towns;Costs;Data engineering;Educational institutions;Engineering management;Humans;Image databases;Information systems;Signal processing;Vocabulary}, 
doi={10.1109/MILCOM.2008.4753515}, 
ISSN={2155-7578}, 
month={Nov}
}

@misc{Colella:2004,
author = {Colella, P},
title = {Defining Software Requirements for Scientific Computing},
howpublished = {Slide of 2004 presentation included in David Patterson's 2005 talk},
url={http://www.lanl.gov/conferences/salishan/salishan2005/davidpatterson.pdf},
year = {2005}
}

@misc{Patterson:DwarfMine,
author = {Patterson, D and Yelick, K},
title = {Dwarf Mine},
howpublished = {Online},
url={http://view.eecs.berkeley.edu/wiki/Dwarf_Mine},
}

@misc{WhiteHouse:Blog:BigData,
author = {The White Hosue Office of Science and Technology Policy},
title = {Big Data is a Big Deal},
howpublished = {Online},
url={http://www.whitehouse.gov/blog/2012/03/29/big-data-big-deal},
year = {2012}
}

@misc{USDD:RefArch,
author = {Office of The Assistant Secretary of Defense},
title = {Reference Architecture Description},
howpublished = {Online},
url={http://dodcio.defense.gov/Portals/0/Documents/DIEA/Ref_Archi_Description_Final_v1_18Jun10.pdf},
year = {2010}
}

@Misc{www-eduperson,
  OPTkey = 	 {},
  author = 	 {{Internet2}},
  title = 	 {eduPerson},
  OPThowpublished = {},
  OPTmonth = 	 {},
  OPTyear = 	 {},
  OPTnote = 	 {},
  OPTannote = 	 {},
  url={http://software.internet2.edu/eduperson/internet2-mace-dir-eduperson-201602.html}
}

@Misc{www-cloudmesh-client,
  OPTkey = 	 {},
  author = 	 {Gregor von Laszewski},
  title = 	 {Cloudmesh Client},
  howpublished = {github},
  OPTmonth = 	 {},
  OPTyear = 	 {},
  OPTnote = 	 {},
  OPTannote = 	 {},
  url = {https://github.com/cloudmesh/client}
}

@Misc{www-cerberus,
  OPTkey = 	 {},
  OPTauthor = 	 {},
  title = 	 {Cerberus},
  OPThowpublished = {},
  OPTmonth = 	 {},
  OPTyear = 	 {},
  OPTnote = 	 {},
  OPTannote = 	 {},
  url={http://docs.python-cerberus.org/}
}

